%% This BibTeX bibliography file was created using BibDesk.
%% http://bibdesk.sourceforge.net/


%% Created for David Wang at 2013-03-25 11:50:38 +0800 


%% Saved with string encoding Unicode (UTF-8) 



@article{mvc-04,
	Author = {Leff, Avraham; James T. Rayfield },
	Date-Added = {2013-03-25 03:49:48 +0000},
	Date-Modified = {2013-03-25 03:50:31 +0000},
	Journal = {IEEE Enterprise Distributed Object Computing Conference},
	Month = {9},
	Title = {Web-Application Development Using the Model/View/Controller Design Pattern},
	Year = {2011}}

@article{mvc-03,
	Author = {Buschmann, Frank },
	Date-Added = {2013-03-25 03:33:38 +0000},
	Date-Modified = {2013-03-25 03:34:20 +0000},
	Title = {Pattern-Oriented Software Architecture},
	Year = {1996}}

@webpage{mvc-02,
	Date-Added = {2013-03-25 03:32:08 +0000},
	Date-Modified = {2013-03-25 03:32:43 +0000},
	Title = {Applications Programming in Smalltalk-80(TM):How to use Model-View-Controller (MVC)}}

@webpage{mvc-01,
	Author = {Trygve Reenskaug, James Coplien},
	Date-Added = {2013-03-25 03:31:08 +0000},
	Date-Modified = {2013-03-25 03:32:06 +0000},
	Month = {3},
	Title = {The DCI Architecture: A New Vision of Object-Oriented Programming},
	Year = {2009}}

@book{rails-book,
	Author = {Sam Ruby, Dave Thomas, David Heinemeier Hansson},
	Date-Added = {2013-03-25 02:32:52 +0000},
	Date-Modified = {2013-03-25 02:33:36 +0000},
	Month = {4},
	Publisher = {Pragmatic Bookshelf},
	Title = {Agile Web Development with Rails, 4th Edition},
	Year = {2011}}

@book{ruby-meta,
	Author = {Paolo Perrotta},
	Date-Added = {2013-03-23 04:18:52 +0000},
	Date-Modified = {2013-03-23 04:20:19 +0000},
	Month = {2},
	Publisher = {Pragmatic Bookshelf},
	Title = {Metaprogramming Ruby: Program Like the Ruby Pros},
	Year = {2010}}

@book{ruby-pro,
	Author = {Dave Thomas, Chad Fowler, Andy Hunt},
	Date-Added = {2013-03-23 04:14:25 +0000},
	Date-Modified = {2013-03-23 04:20:56 +0000},
	Month = {10},
	Publisher = {Pragmatic Programmers},
	Title = {Programming Ruby (2nd edition): The Pragmatic Programmers' Guide},
	Year = {2004}}

@webpage{ruby-inter-standard,
	Date-Added = {2013-03-23 04:12:40 +0000},
	Date-Modified = {2013-03-23 04:13:22 +0000},
	Month = {4},
	Title = {プログラム言語Ruby、国際規格として承認},
	Url = {http://www.ipa.go.jp/about/press/20120402_2.html},
	Year = {2012},
	Bdsk-Url-1 = {http://www.ipa.go.jp/about/press/20120402_2.html}}

@webpage{ruby-jp-standard,
	Date-Added = {2013-03-23 04:10:25 +0000},
	Date-Modified = {2013-03-23 04:24:15 +0000},
	Month = {3},
	Title = {プログラム言語RubyのJIS規格（JIS X 3017）制定について},
	Url = {http://www.ipa.go.jp/about/press/20110322.html},
	Year = {2011},
	Bdsk-Url-1 = {http://www.ipa.go.jp/about/press/20110322.html}}

@url{ruby-inspire,
	Date-Added = {2013-03-23 04:08:29 +0000},
	Date-Modified = {2013-03-23 04:25:58 +0000},
	Title = {http://www.ruby-lang.org/en/about/},
	Url = {http://www.ruby-lang.org/en/about/},
	Bdsk-Url-1 = {http://www.ruby-lang.org/en/about/}}

@article{sse-w3c,
	Author = {W3C},
	Date-Added = {2013-03-22 02:53:59 +0000},
	Date-Modified = {2013-03-22 02:55:40 +0000},
	Month = {2},
	Title = {Server-Sent Events(Draft Specification)},
	Year = {2011}}

@webpage{ajax-sse,
	Author = {PiTheNumber},
	Date-Added = {2013-03-22 02:49:01 +0000},
	Date-Modified = {2013-03-22 02:51:38 +0000},
	Month = {2},
	Title = {jQuery and AJAX or server sent events},
	Url = {http://stackoverflow.com/questions/7739720/jquery-and-ajax-or-server-sent-events},
	Year = {2011},
	Bdsk-Url-1 = {http://stackoverflow.com/questions/7739720/jquery-and-ajax-or-server-sent-events}}

@article{ajax-apple,
	Author = {Apple Inc.},
	Date-Added = {2013-03-22 02:46:21 +0000},
	Date-Modified = {2013-03-22 02:47:59 +0000},
	Month = {7},
	Title = {Dynamic HTML and XML: The XMLHttpRequest Object},
	Year = {2008}}

@book{ajax-book,
	Author = {Chris Ullman, Lucinda Dykes},
	Date-Added = {2013-03-22 02:42:08 +0000},
	Date-Modified = {2013-03-22 02:43:37 +0000},
	Month = {3},
	Publisher = {wrox},
	Title = {Beginning Ajax},
	Year = {2007}}

@article{ajax-intro,
	Author = {Garrett, Jesse James and others},
	Date-Added = {2013-03-22 02:38:31 +0000},
	Date-Modified = {2013-03-22 02:39:39 +0000},
	Title = {Ajax: A new approach to web applications},
	Year = {2005}}

@webpage{why-live,
	Date-Added = {2013-03-22 02:31:21 +0000},
	Date-Modified = {2013-03-22 02:52:50 +0000},
	Month = {8},
	Rating = {5},
	Read = {0},
	Title = {Why Rails 4 Live Streaming is a big deal},
	Url = {http://blog.phusion.nl/2012/08/03/why-rails-4-live-streaming-is-a-big-deal/},
	Year = {2012},
	Bdsk-Url-1 = {http://blog.phusion.nl/2012/08/03/why-rails-4-live-streaming-is-a-big-deal/}}
